<record><leader>00000cas a22000007a 4500</leader><controlfield tag="001">9786916</controlfield><controlfield tag="008">830806d18691872ohudr ne      0    0eng d</controlfield><datafield ind1=" " ind2=" " tag="010"><subfield code="a">sn 83035409 </subfield></datafield><datafield ind1=" " ind2=" " tag="040"><subfield code="a">NPY</subfield><subfield code="b">eng</subfield><subfield code="c">NPY</subfield><subfield code="d">NPX</subfield><subfield code="d">ONP</subfield><subfield code="d">OCLCQ</subfield></datafield><datafield ind1=" " ind2=" " tag="042"><subfield code="a">msc</subfield></datafield><datafield ind1="0" ind2="0" tag="245"><subfield code="a">Springfield daily advertiser.</subfield></datafield><datafield ind1=" " ind2=" " tag="260"><subfield code="a">Springfield, Ohio :</subfield><subfield code="b">Advertiser Print. Co.</subfield></datafield><datafield ind1=" " ind2=" " tag="300"><subfield code="a">v.</subfield></datafield><datafield ind1=" " ind2=" " tag="310"><subfield code="a">Daily</subfield></datafield><datafield ind1="1" ind2=" " tag="362"><subfield code="a">Began in 1869? Ceased with Nov. 22, 1872 issue.</subfield></datafield><datafield ind1=" " ind2=" " tag="588"><subfield code="a">Description based on: Vol. 2, no. 130 (May 25, 1869).</subfield></datafield><datafield ind1=" " ind2="4" tag="651"><subfield code="a">Springfield (Ohio)</subfield><subfield code="v">Newspapers.</subfield></datafield><datafield ind1=" " ind2="4" tag="651"><subfield code="a">Clark County (Ohio)</subfield><subfield code="v">Newspapers.</subfield></datafield><datafield ind1=" " ind2=" " tag="752"><subfield code="a">United States</subfield><subfield code="b">Ohio</subfield><subfield code="c">Clark</subfield><subfield code="d">Springfield.</subfield></datafield><datafield ind1="0" ind2=" " tag="775"><subfield code="t">Springfield weekly advertiser</subfield><subfield code="w">(DLC)sn 87076893</subfield></datafield><datafield ind1="0" ind2="0" tag="780"><subfield code="t">Springfield morning advertiser</subfield><subfield code="w">(DLC)sn 87076914</subfield></datafield><datafield ind1="0" ind2="7" tag="785"><subfield code="t">Springfield daily republic (Springfield, Ohio : 1866)</subfield><subfield code="w">(DLC)sn 83035408</subfield></datafield><datafield ind1="0" ind2="7" tag="785"><subfield code="t">Springfield daily republic and advertiser</subfield><subfield code="w">(DLC)sn 87076915</subfield></datafield><datafield ind1="1" ind2=" " tag="029"><subfield code="a">AU@</subfield><subfield code="b">000025783721</subfield></datafield></record>